%% This BibTeX bibliography file was created using BibDesk.
%% http://bibdesk.sourceforge.net/


%% Created for Vahid Zoghi at 2011-01-31 12:17:55 +0330 


%% Saved with string encoding Unicode (UTF-8) 



@book{Greene05,
	Author = {Greene, Jennifer and Stellman, Andrew},
	Isbn = {0596009488},
	Publisher = {O'Reilly},
	Title = {Applied software project management},
	Year = {2005},
	Bdsk-File-1 = {YnBsaXN0MDDUAQIDBAUIJidUJHRvcFgkb2JqZWN0c1gkdmVyc2lvblkkYXJjaGl2ZXLRBgdUcm9vdIABqAkKFRYXGyIjVSRudWxs0wsMDQ4RFFpOUy5vYmplY3RzV05TLmtleXNWJGNsYXNzog8QgASABqISE4ACgAOAB1lhbGlhc0RhdGFccmVsYXRpdmVQYXRo0hgNGRpXTlMuZGF0YU8RAWYAAAAAAWYAAgAAA01hYwAAAAAAAAAAAAAAAAAAAAAAAAAAAAAAAMkERepIKwAAAAWrkxBBYm91dCBTdGFja3MucGRmAAAAAAAAAAAAAAAAAAAAAAAAAAAAAAAAAAAAAAAAAAAAAAAAAAAAAAAAAAAAAAAABauVxl9cvwAAAAAAAAAAAAYAAgAACSAAAAAAAAAAAAAAAAAAAAAJRG9jdW1lbnRzAAAQAAgAAMkEFLIAAAARAAgAAMZfHXcAAAABAAwABauTAAWrhgAAkZ8AAgAqTWFjOlVzZXJzOnZhaGlkOkRvY3VtZW50czpBYm91dCBTdGFja3MucGRmAA4AIgAQAEEAYgBvAHUAdAAgAFMAdABhAGMAawBzAC4AcABkAGYADwAIAAMATQBhAGMAEgAmVXNlcnMvdmFoaWQvRG9jdW1lbnRzL0Fib3V0IFN0YWNrcy5wZGYAEwABLwAAFQACAAz//wAAgAXSHB0eH1gkY2xhc3Nlc1okY2xhc3NuYW1lox8gIV1OU011dGFibGVEYXRhVk5TRGF0YVhOU09iamVjdF8QLC4uLy4uLy4uLy4uLy4uLy4uL0RvY3VtZW50cy9BYm91dCBTdGFja3MucGRm0hwdJCWiJSFcTlNEaWN0aW9uYXJ5EgABhqBfEA9OU0tleWVkQXJjaGl2ZXIACAARABYAHwAoADIANQA6ADwARQBLAFIAXQBlAGwAbwBxAHMAdgB4AHoAfACGAJMAmACgAgoCDAIRAhoCJQIpAjcCPgJHAnYCewJ+AosCkAAAAAAAAAIBAAAAAAAAACgAAAAAAAAAAAAAAAAAAAKi}}

@book{Moller02,
	Address = {Natick, MA, USA},
	Author = {Akenine-Moller, Tomas and Moller, Tomas and Haines, Eric},
	Isbn = {1568811829},
	Publisher = {A. K. Peters, Ltd.},
	Title = {Real-Time Rendering},
	Year = {2002}}

@techreport{nist02,
	Author = {Tassey, G.},
	Institution = {National Institute of Standards and Technology},
	Title = {The economic impacts of inadequate infrastructure for software testing},
	Year = {2002}}

@techreport{chaos2009,
	Institution = {Standish Group},
	Title = {The Chaos Report},
	Year = {2009}}

@inproceedings{Ap97modelbased,
	Author = {Larry Apfelbaum and John Doyle},
	Booktitle = {Software Quality Week Conference},
	Pages = {296--300},
	Title = {Model Based Testing},
	Year = {1997}}

@book{Loveland78TP,
	Author = {Loveland, Donald W},
	Isbn = {0720404991},
	Publisher = {Elsevier North-Holland},
	Title = {Automated theorem proving: A logical basis},
	Year = {1978}}

@book{Clarke99MC,
	Author = {Clarke, Edmund M. and Grumberg, Orna and Peled, Doron A.},
	Howpublished = {Hardcover},
	Isbn = {0262032708},
	Keywords = {checking, model},
	Month = {January},
	Publisher = {The MIT Press},
	Title = {Model Checking},
	Url = {http://www.worldcat.org/isbn/0262032708},
	Year = {1999},
	Bdsk-Url-1 = {http://www.worldcat.org/isbn/0262032708}}

@article{ayewa08staticanalysis,
	Address = {Los Alamitos, CA, USA},
	Author = {Nathaniel Ayewah and David Hovemeyer and J. David Morgenthaler and John Penix and William Pugh},
	Doi = {http://doi.ieeecomputersociety.org/10.1109/MS.2008.130},
	Issn = {0740-7459},
	Journal = {IEEE Software},
	Pages = {22-29},
	Publisher = {IEEE Computer Society},
	Title = {Using Static Analysis to Find Bugs},
	Volume = {25},
	Year = {2008},
	Bdsk-Url-1 = {http://doi.ieeecomputersociety.org/10.1109/MS.2008.130}}

@techreport{utting06,
	Author = {Utting, Mark and Pretschner, Alexander and Legeard, Bruno},
	Institution = {University of Waikato, Department of Computer Science. Hamilton, New Zealand},
	Number = {04/2006},
	Title = {A Taxonomy of model-based testing},
	Type = {Working paper series},
	Year = {2006}}

@book{ammann08,
	Address = {Cambridge, UK},
	Author = {Paul Ammann and Jeff Offutt},
	Interhash = {aa77b9b5172fd5ecd248e569dba62c63},
	Intrahash = {1b1e8091ec39c37137a48e1705bc86e5},
	Keywords = {imported},
	Owner = {magsilva},
	Publisher = {Cambridge University Press},
	Timestamp = {2009.08.12},
	Title = {Introduction to software testing},
	Url = {http://cs.gmu.edu/~offutt/softwaretest/},
	Year = 2008,
	Bdsk-Url-1 = {http://cs.gmu.edu/~offutt/softwaretest/}}

@book{huth04logic,
	Author = {Huth, Michael and Ryan, Mark},
	Isbn = {052154310X},
	Publisher = {Cambridge University Press},
	Title = {{Logic in Computer Science: modelling and reasoning about systems (2nd ed.)}},
	Year = {2004}}

@article{ostrand88,
	Address = {New York, NY, USA},
	Author = {Ostrand, T. J. and Balcer, M. J.},
	Doi = {http://doi.acm.org/10.1145/62959.62964},
	Issn = {0001-0782},
	Journal = {Communications of ACM},
	Number = {6},
	Pages = {676--686},
	Publisher = {ACM},
	Title = {The category-partition method for specifying and generating fuctional tests},
	Volume = {31},
	Year = {1988},
	Bdsk-Url-1 = {http://doi.acm.org/10.1145/62959.62964}}

@article{Gotlieb98atc,
	Address = {New York, NY, USA},
	Author = {Gotlieb, Arnaud and Botella, Bernard and Rueher, Michel},
	Doi = {http://doi.acm.org/10.1145/271775.271790},
	Issn = {0163-5948},
	Journal = {SIGSOFT Software Engineering Notes},
	Number = {2},
	Pages = {53--62},
	Publisher = {ACM},
	Title = {Automatic test data generation using constraint solving techniques},
	Volume = {23},
	Year = {1998},
	Bdsk-Url-1 = {http://doi.acm.org/10.1145/271775.271790}}

@incollection{Tillman08pex,
	Author = {Tillmann, Nikolai and de Halleux, Jonathan},
	Booktitle = {Tests and Proofs},
	Chapter = {10},
	Editor = {Beckert, Bernhard and H\"{a}hnle, Reiner},
	Journal = {Tests and Proofs},
	Pages = {134--153},
	Publisher = {Springer},
	Series = {Lecture Notes in Computer Science},
	Title = {Pex--White Box Test Generation for .NET},
	Volume = {4966},
	Year = {2008}}

@article{Grochtmann93ct,
	Author = {Matthias Grochtmann and Klaus Grimm},
	Journal = {Software Testing, Verification and Reliability},
	Number = {2},
	Pages = {63--82},
	Publisher = {John Wiley},
	Title = {Classification trees for partition testing},
	Volume = {3},
	Year = {1993}}

@inproceedings{tret96,
	Author = {Jan Tretmans},
	Bibsource = {DBLP, http://dblp.uni-trier.de},
	Booktitle = {Tools and Algorithms for the Construction and Analysis of Systems},
	Crossref = {DBLP:conf/tacas/1996},
	Pages = {127-146},
	Title = {Test Generation with Inputs, Outputs, and Quiescence},
	Year = {1996}}

@proceedings{DBLP:conf/tacas/1996,
	Bibsource = {DBLP, http://dblp.uni-trier.de},
	Booktitle = {Tools and Algorithms for the Construction and Analysis of Systems},
	Editor = {Tiziana Margaria and Bernhard Steffen},
	Isbn = {3-540-61042-1},
	Publisher = {Springer},
	Series = {Lecture Notes in Computer Science},
	Title = {Tools and Algorithms for Construction and Analysis of Systems, Second International Workshop, TACAS '96, Passau, Germany, March 27-29, 1996, Proceedings},
	Volume = {1055},
	Year = {1996}}

@incollection{FTW05,
	Author = {Frantzen, Lars and Tretmans, Jan and Willemse, Tim A.},
	Booktitle = {Formal Approaches to Software Testing},
	Keywords = {testing},
	Pages = {1--15},
	Publisher = {Springer--Verlag},
	Title = {Test Generation Based on Symbolic Specifications},
	Url = {http://www.springerlink.com/content/uu3va76k39megkke},
	Year = {2005},
	Bdsk-Url-1 = {http://www.springerlink.com/content/uu3va76k39megkke}}

@inproceedings{Brandes00GraphML,
	Author = {Ulrik Brandes and Markus Eiglsperger and Ivan Herman and Michael Himsolt and M. Scott Marshall},
	Bibsource = {DBLP, http://dblp.uni-trier.de},
	Booktitle = {Graph Drawing},
	Ee = {http://link.springer.de/link/service/series/0558/bibs/2265/22650501.htm},
	Pages = {501-512},
	Title = {GraphML Progress Report},
	Year = {2001}}

@inproceedings{Behrmann06,
	Author = {Behrmann, Gerd and David, Alexandre and Larsen, Kim Guldstrand and H{\aa}kansson, John and Pettersson, Paul and Yi, Wang and Hendriks, Martijn},
	Booktitle = {Third International Conference on the Quantitative Evaluaiton of Systems},
	Pages = {125-126},
	Publisher = {IEEE Computer Society},
	Title = {{UPPAAL} 4.0},
	Year = {2006}}

@inproceedings{Larsen04Tron,
	Author = {Kim G. Larsen and Marius Mikucionis and Brian Nielsen},
	Booktitle = {4th Intl. Workshop on Formal Approaches to Testing of Software},
	Pages = {79--94},
	Publisher = {Springer--Verlag},
	Title = {Online Testing of Real-Time Systems Using uppaal},
	Year = {2004}}

@techreport{Fernandez89Aldebaran,
	Author = {Jean-Claude Fernandez},
	Institution = {Laboratoire de Genie Informatique - Institut IMAG},
	Number = {SPECTRE, C14},
	Title = {Aldebaran: A Tool for Verification of Communicating Processes},
	Year = {1989}}

@inproceedings{Groote07mcrl2,
	Author = {Jan Friso Groote and Aad Mathijssen and Michel Reniers and Yaroslav Usenko and Muck Van Weerdenburg},
	Booktitle = {Dagstuhl Seminar},
	Publisher = {MIT Press},
	Title = {The Formal Specification Language mCRL2},
	Year = {2007}}

@inproceedings{Mostowsk09TorxAkis,
	Author = {Wojciech Mostowski and Erik Poll and Julien Schmaltz and Jan Tretmans and Ronny Wichers Schreur},
	Bibsource = {DBLP, http://dblp.uni-trier.de},
	Booktitle = {Formal Methods for Industrial Critical Systems},
	Crossref = {DBLP:conf/fmics/2009},
	Ee = {http://dx.doi.org/10.1007/978-3-642-04570-7_19},
	Pages = {207-209},
	Title = {Model-Based Testing of Electronic Passports},
	Year = {2009}}

@proceedings{DBLP:conf/fmics/2009,
	Bibsource = {DBLP, http://dblp.uni-trier.de},
	Booktitle = {Formal Methods for Industrial Critical Systems},
	Editor = {Mar\'{\i}a Alpuente and Byron Cook and Christophe Joubert},
	Ee = {http://dx.doi.org/10.1007/978-3-642-04570-7},
	Isbn = {978-3-642-04569-1},
	Publisher = {Springer},
	Series = {Lecture Notes in Computer Science},
	Title = {Formal Methods for Industrial Critical Systems, 14th International Workshop, FMICS 2009, Eindhoven, The Netherlands, November 2-3, 2009. Proceedings},
	Volume = {5825},
	Year = {2009}}

@inproceedings{Xiong09MBTTCN,
	Author = {Pulei Xiong and Bernard Stepien and Liam Peyton},
	Bibsource = {DBLP, http://dblp.uni-trier.de},
	Booktitle = {MCETECH},
	Crossref = {DBLP:conf/mcetech/2009},
	Ee = {http://dx.doi.org/10.1007/978-3-642-01187-0_12},
	Pages = {141-154},
	Title = {Model-Based Penetration Test Framework for Web Applications Using TTCN-3},
	Year = {2009}}

@proceedings{DBLP:conf/mcetech/2009,
	Bibsource = {DBLP, http://dblp.uni-trier.de},
	Booktitle = {MCETECH},
	Editor = {Gilbert Babin and Peter G. Kropf and Michael Weiss},
	Ee = {http://dx.doi.org/10.1007/978-3-642-01187-0},
	Isbn = {978-3-642-01186-3},
	Publisher = {Springer},
	Series = {Lecture Notes in Business Information Processing},
	Title = {E-Technologies: Innovation in an Open World, 4th International Conference, MCETECH 2009, Ottawa, Canada, May 4-6, 2009. Proceedings},
	Volume = {26},
	Year = {2009}}

@inproceedings{Stepien09WTTTCN,
	Author = {Bernard Stepien and Liam Peyton},
	Bibsource = {DBLP, http://dblp.uni-trier.de},
	Booktitle = {MCETECH},
	Crossref = {DBLP:conf/mcetech/2009},
	Ee = {http://dx.doi.org/10.1007/978-3-642-01187-0_26},
	Pages = {306-318},
	Title = {Integration Testing of Web Applications and Databases Using TTCN-3},
	Year = {2009}}

@inproceedings{Bouquet04LTG,
	Author = {Fabrice Bouquet and Bruno Legeard and Fabien Peureux and Eric Torreborre},
	Bibsource = {DBLP, http://dblp.uni-trier.de},
	Booktitle = {Construction and Analysis of Safe, Secure, and Interoperable Smart Devices, International Workshop},
	Crossref = {DBLP:conf/cassis/2004},
	Ee = {http://springerlink.metapress.com/openurl.asp?genre=article{\&}issn=0302-9743{\&}volume=3362{\&}spage=70},
	Pages = {70-85},
	Title = {Mastering Test Generation from Smart Card Software Formal Models},
	Year = {2004}}

@proceedings{DBLP:conf/cassis/2004,
	Bibsource = {DBLP, http://dblp.uni-trier.de},
	Booktitle = {Construction and Analysis of Safe, Secure, and Interoperable Smart Devices, International Workshop},
	Editor = {Gilles Barthe and Lilian Burdy and Marieke Huisman and Jean-Louis Lanet and Traian Muntean},
	Isbn = {3-540-24287-2},
	Publisher = {Springer},
	Series = {Lecture Notes in Computer Science},
	Title = {Construction and Analysis of Safe, Secure, and Interoperable Smart Devices, International Workshop, CASSIS 2004, Marseille, France, March 10-14, 2004, Revised Selected Papers},
	Volume = {3362},
	Year = {2005}}

@inproceedings{Weelden05,
	Author = {Arjen van Weelden and Martijn Oostdijk and Lars Frantzen and Pieter W. M. Koopman and Jan Tretmans},
	Bibsource = {DBLP, http://dblp.uni-trier.de},
	Booktitle = {20th International Conference on Information Security},
	Crossref = {DBLP:conf/sec/2005},
	Pages = {565-576},
	Title = {On-the-Fly Formal Testing of a Smart Card Applet},
	Year = {2005}}

@proceedings{DBLP:conf/sec/2005,
	Bibsource = {DBLP, http://dblp.uni-trier.de},
	Booktitle = {20th International Conference on Information Security},
	Editor = {Ry{\^o}ichi Sasaki and Sihan Qing and Eiji Okamoto and Hiroshi Yoshiura},
	Isbn = {0-387-25658-X},
	Publisher = {Springer},
	Title = {Security and Privacy in the Age of Ubiquitous Computing, IFIP TC11 20th International Conference on Information Security (SEC 2005), May 30 - June 1, 2005, Chiba, Japan},
	Year = {2005}}

@inproceedings{Koopman08CaseStudy,
	Author = {Pieter W. M. Koopman and Peter Achten and Rinus Plasmeijer},
	Bibsource = {DBLP, http://dblp.uni-trier.de},
	Booktitle = {Practical Aspects of Declarative Languages},
	Crossref = {DBLP:conf/padl/2008},
	Ee = {http://dx.doi.org/10.1007/978-3-540-77442-6_20},
	Pages = {299-315},
	Title = {Model-Based Testing of Thin-Client Web Applications and Navigation Input},
	Year = {2008}}

@proceedings{DBLP:conf/padl/2008,
	Bibsource = {DBLP, http://dblp.uni-trier.de},
	Booktitle = {Practical Aspects of Declarative Languages},
	Editor = {Paul Hudak and David Scott Warren},
	Isbn = {978-3-540-77441-9},
	Publisher = {Springer},
	Series = {Lecture Notes in Computer Science},
	Title = {Practical Aspects of Declarative Languages, 10th International Symposium, PADL 2008, San Francisco, CA, USA, January 7-8, 2008},
	Volume = {4902},
	Year = {2008}}

@article{Grab03TTCN,
	Author = {Jens Grabowski and Dieter Hogrefe and Gy{\"o}rgy R{\'e}thy and Ina Schieferdecker and Anthony Wiles and Colin Willcock},
	Doi = {DOI: 10.1016/S1389-1286(03)00249-4},
	Issn = {1389-1286},
	Journal = {Computer Networks},
	Number = {3},
	Pages = {375 - 403},
	Title = {An introduction to the testing and test control notation (TTCN-3)},
	Url = {http://www.sciencedirect.com/science/article/B6VRG-48H8CTS-1/2/182f1ae4fd029c9761cb0e57ea094d42},
	Volume = {42},
	Year = {2003},
	Bdsk-Url-1 = {http://www.sciencedirect.com/science/article/B6VRG-48H8CTS-1/2/182f1ae4fd029c9761cb0e57ea094d42},
	Bdsk-Url-2 = {http://dx.doi.org/10.1016/S1389-1286(03)00249-4}}

@misc{T3TCI,
	Howpublished = {France: European Telecommunications Standard Institute, 106 Pages},
	Title = {ETSI ES 201 873-6 V1.1.1 Methods for Testing and Specification (MTS); The Testing and Test Control Notation version 3; Part 6: TTCN-3 Control Interface (TCI)},
	Year = {2003}}

@inproceedings{Grab00TTCNDesign,
	Author = {Grabowski, Jens and Wiles, Anthony and Willcock, Colin and Hogrefe, Dieter},
	Booktitle = {3th International Conference on Testing Communicating Systems},
	Isbn = {0-7923-7921-7},
	Pages = {161--176},
	Publisher = {Kluwer, B.V.},
	Title = {On the Design of the New Testing Language TTCN-3},
	Year = {2000}}

@book{Jorgensen08,
	Address = {Boca Raton, FL, USA},
	Author = {Jorgensen, Paul C.},
	Isbn = {084937345X},
	Publisher = {CRC Press, Inc.},
	Title = {Software Testing: A Craftsman's Approach},
	Year = {1995}}

@book{PMC-Bair08,
	Author = {Baier, Christel and Katoen, Joost-Pieter},
	Howpublished = {Hardcover},
	Isbn = {026202649X},
	Keywords = {books, model\_checking},
	Month = {May},
	Publisher = {The MIT Press},
	Title = {Principles of Model Checking},
	Url = {http://www.worldcat.org/isbn/026202649X},
	Year = {2008},
	Bdsk-Url-1 = {http://www.worldcat.org/isbn/026202649X}}

@techreport{Uml2dummies,
	Institution = {Object Management Group},
	Month = {November},
	Posted-At = {2008-04-07 19:04:51},
	Priority = {2},
	Title = {OMG Unified Modeling Language, Infrastructure, V2.1.2},
	Url = {http://www.omg.org/spec/UML/2.1.2/Infrastructure/PDF},
	Year = {2007},
	Bdsk-Url-1 = {http://www.omg.org/spec/UML/2.1.2/Infrastructure/PDF}}

@inproceedings{Tret03Torx,
	Author = {G. J. Tretmans and H. Brinksma},
	Booktitle = {First European Conference on Model-Driven Software Engineering, Nuremberg, Germany},
	Howpublished = {http://eprints.eemcs.utwente.nl/9475/},
	Month = {December},
	Title = {TorX: Automated Model-Based Testing},
	Year = {2003}}

@techreport{ISO8583,
	Institution = {International Organization for Standardization},
	Number = {8583},
	Title = {Standard for Financial Transaction Card Originated Messages - Interchange message specifications -- Part 1: Messages, data elements and code values},
	Type = {ISO},
	Year = {2003}}

@misc{cobertura,
	Howpublished = {Available online at: \url{http://cobertura.sourceforge.net}},
	Title = {Cobertura project}}

@inproceedings{Briones06,
	Author = {Laura Brand{\'a}n Briones and Ed Brinksma and Mari{\"e}lle Stoelinga},
	Bibsource = {DBLP, http://dblp.uni-trier.de},
	Booktitle = {Automated Technology for Verification and Analysis},
	Crossref = {DBLP:conf/atva/2006},
	Ee = {http://dx.doi.org/10.1007/11901914_30},
	Pages = {399-414},
	Title = {A Semantic Framework for Test Coverage},
	Year = {2006},
	Bdsk-File-1 = {YnBsaXN0MDDUAQIDBAUIJidUJHRvcFgkb2JqZWN0c1gkdmVyc2lvblkkYXJjaGl2ZXLRBgdUcm9vdIABqAkKFRYXGyIjVSRudWxs0wsMDQ4RFFpOUy5vYmplY3RzV05TLmtleXNWJGNsYXNzog8QgASABqISE4ACgAOAB1lhbGlhc0RhdGFccmVsYXRpdmVQYXRo0hgNGRpXTlMuZGF0YU8RAaYAAAAAAaYAAgAAA01hYwAAAAAAAAAAAAAAAAAAAAAAAAAAAAAAAMkERepIKwAAAAWrkx9Cb290X0NhbXBfSW5zdGFsbC1TZXQjODYyRDEucGRmAAAAAAAAAAAAAAAAAAAAAAAAAAAAAAAAAAAAAAAAAAAACGLRyQTP5gAAAAAAAAAAAAYAAgAACSAAAAAAAAAAAAAAAAAAAAAJRG9jdW1lbnRzAAAQAAgAAMkEFLIAAAARAAgAAMkEnq4AAAABAAwABauTAAWrhgAAkZ8AAgA5TWFjOlVzZXJzOnZhaGlkOkRvY3VtZW50czpCb290X0NhbXBfSW5zdGFsbC1TZXQjODYyRDEucGRmAAAOAEIAIABCAG8AbwB0AF8AQwBhAG0AcABfAEkAbgBzAHQAYQBsAGwALQBTAGUAdAB1AHAAXwAxADAALgA2AC4AcABkAGYADwAIAAMATQBhAGMAEgA2VXNlcnMvdmFoaWQvRG9jdW1lbnRzL0Jvb3RfQ2FtcF9JbnN0YWxsLVNldHVwXzEwLjYucGRmABMAAS8AABUAAgAM//8AAIAF0hwdHh9YJGNsYXNzZXNaJGNsYXNzbmFtZaMfICFdTlNNdXRhYmxlRGF0YVZOU0RhdGFYTlNPYmplY3RfEDwuLi8uLi8uLi8uLi8uLi8uLi9Eb2N1bWVudHMvQm9vdF9DYW1wX0luc3RhbGwtU2V0dXBfMTAuNi5wZGbSHB0kJaIlIVxOU0RpY3Rpb25hcnkSAAGGoF8QD05TS2V5ZWRBcmNoaXZlcgAIABEAFgAfACgAMgA1ADoAPABFAEsAUgBdAGUAbABvAHEAcwB2AHgAegB8AIYAkwCYAKACSgJMAlECWgJlAmkCdwJ+AocCxgLLAs4C2wLgAAAAAAAAAgEAAAAAAAAAKAAAAAAAAAAAAAAAAAAAAvI=}}

@proceedings{DBLP:conf/atva/2006,
	Bibsource = {DBLP, http://dblp.uni-trier.de},
	Booktitle = {Automated Technology for Verification and Analysis},
	Editor = {Susanne Graf and Wenhui Zhang},
	Isbn = {3-540-47237-1},
	Publisher = {Springer},
	Series = {Lecture Notes in Computer Science},
	Title = {Automated Technology for Verification and Analysis, 4th International Symposium, ATVA 2006, Beijing, China, October 23-26, 2006},
	Volume = {4218},
	Year = {2006}}
